@Book{xie2015,
  title = {Dynamic Documents with {R} and knitr},
  author = {Yihui Xie},
  publisher = {Chapman and Hall/CRC},
  address = {Boca Raton, Florida},
  year = {2015},
  edition = {2nd},
  note = {ISBN 978-1498716963},
  url = {http://yihui.org/knitr/},
}

@article{rue2018isee,
   author = {Rue-Albrecht, K. and Marini, F. and Soneson, C. and Lun, A. T. L.},
   title = {iSEE: Interactive SummarizedExperiment Explorer},
   journal = {F1000Res},
   volume = {7},
   pages = {741},
   ISSN = {2046-1402 (Print)
2046-1402 (Linking)},
   DOI = {10.12688/f1000research.14966.1},
   url = {https://www.ncbi.nlm.nih.gov/pubmed/30002819
https://www.ncbi.nlm.nih.gov/pmc/articles/PMC6013759/pdf/f1000research-7-16293.pdf},
   year = {2018},
   type = {Journal Article}
}

@Article{tasic2016adult,
    Author="Tasic, B.  and Menon, V.  and Nguyen, T. N.  and Kim, T. K.  and Jarsky, T.  and Yao, Z.  and Levi, B.  and Gray, L. T.  and Sorensen, S. A.  and Dolbeare, T.  and Bertagnolli, D.  and Goldy, J.  and Shapovalova, N.  and Parry, S.  and Lee, C.  and Smith, K.  and Bernard, A.  and Madisen, L.  and Sunkin, S. M.  and Hawrylycz, M.  and Koch, C.  and Zeng, H. ",
    Title="{{A}dult mouse cortical cell taxonomy revealed by single cell transcriptomics}",
    Journal="Nat. Neurosci.",
    Year="2016",
    Volume="19",
    Number="2",
    Pages="335--346",
    Month="Feb"
}
