@Manual{R-base,
  title = {R: A Language and Environment for Statistical Computing},
  author = {{R Core Team}},
  organization = {R Foundation for Statistical Computing},
  address = {Vienna, Austria},
  year = {2019},
  url = {https://www.R-project.org/},
}
@Manual{R-Biobase,
  title = {Biobase: Base functions for Bioconductor},
  author = {R. Gentleman and V. Carey and M. Morgan and S. Falcon},
  year = {2019},
  note = {R package version 2.47.2},
}
@Manual{R-BiocGenerics,
  title = {BiocGenerics: S4 generic functions used in Bioconductor},
  author = {The Bioconductor Dev Team},
  year = {2019},
  note = {R package version 0.33.0},
}
@Manual{R-BiocParallel,
  title = {BiocParallel: Bioconductor facilities for parallel evaluation},
  author = {Martin Morgan and Valerie Obenchain and Michel Lang and Ryan Thompson and Nitesh Turaga},
  year = {2019},
  note = {R package version 1.21.2},
  url = {https://github.com/Bioconductor/BiocParallel},
}
@Manual{R-BiocStyle,
  title = {BiocStyle: Standard styles for vignettes and other Bioconductor documents},
  author = {Andrzej Oleś and Martin Morgan and Wolfgang Huber},
  year = {2020},
  note = {R package version 2.15.6},
  url = {https://github.com/Bioconductor/BiocStyle},
}
@Manual{R-bookdown,
  title = {bookdown: Authoring Books and Technical Documents with R Markdown},
  author = {Yihui Xie},
  year = {2020},
  note = {R package version 0.17},
  url = {https://CRAN.R-project.org/package=bookdown},
}
@Manual{R-DelayedArray,
  title = {DelayedArray: A unified framework for working transparently with on-disk and
in-memory array-like datasets},
  author = {Hervé Pagès and with contributions from Peter Hickey and Aaron Lun},
  year = {2020},
  note = {R package version 0.13.4},
}
@Manual{R-GenomeInfoDb,
  title = {GenomeInfoDb: Utilities for manipulating chromosome names, including modifying
them to follow a particular naming style},
  author = {Sonali Arora and Martin Morgan and Marc Carlson and H. Pagès},
  year = {2020},
  note = {R package version 1.23.13},
}
@Manual{R-GenomicRanges,
  title = {GenomicRanges: Representation and manipulation of genomic intervals},
  author = {P. Aboyoun and H. Pagès and M. Lawrence},
  year = {2020},
  note = {R package version 1.39.2},
}
@Manual{R-ggplot2,
  title = {ggplot2: Create Elegant Data Visualisations Using the Grammar of Graphics},
  author = {Hadley Wickham and Winston Chang and Lionel Henry and Thomas Lin Pedersen and Kohske Takahashi and Claus Wilke and Kara Woo and Hiroaki Yutani},
  year = {2019},
  note = {R package version 3.2.1},
  url = {https://CRAN.R-project.org/package=ggplot2},
}
@Manual{R-IRanges,
  title = {IRanges: Foundation of integer range manipulation in Bioconductor},
  author = {H. Pagès and P. Aboyoun and M. Lawrence},
  year = {2020},
  note = {R package version 2.21.3},
}
@Manual{R-iSEE,
  title = {iSEE: Interactive SummarizedExperiment Explorer},
  author = {Kevin Rue-Albrecht and Federico Marini and Charlotte Soneson and Aaron Lun},
  year = {2020},
  note = {R package version 1.99.1},
  url = {https://github.com/iSEE/iSEE},
}
@Manual{R-knitr,
  title = {knitr: A General-Purpose Package for Dynamic Report Generation in R},
  author = {Yihui Xie},
  year = {2020},
  note = {R package version 1.28},
  url = {https://CRAN.R-project.org/package=knitr},
}
@Manual{R-matrixStats,
  title = {matrixStats: Functions that Apply to Rows and Columns of Matrices (and to
Vectors)},
  author = {Henrik Bengtsson},
  year = {2019},
  note = {R package version 0.55.0},
  url = {https://CRAN.R-project.org/package=matrixStats},
}
@Manual{R-rmarkdown,
  title = {rmarkdown: Dynamic Documents for R},
  author = {JJ Allaire and Yihui Xie and Jonathan McPherson and Javier Luraschi and Kevin Ushey and Aron Atkins and Hadley Wickham and Joe Cheng and Winston Chang and Richard Iannone},
  year = {2020},
  note = {R package version 2.1},
  url = {https://CRAN.R-project.org/package=rmarkdown},
}
@Manual{R-S4Vectors,
  title = {S4Vectors: Foundation of vector-like and list-like containers in
Bioconductor},
  author = {H. Pagès and M. Lawrence and P. Aboyoun},
  year = {2020},
  note = {R package version 0.25.12},
}
@Manual{R-scater,
  title = {scater: Single-Cell Analysis Toolkit for Gene Expression Data in R},
  author = {Davis McCarthy and Kieran Campbell and Aaron Lun and Quin Wills},
  year = {2020},
  note = {R package version 1.15.27},
  url = {http://bioconductor.org/packages/scater/},
}
@Manual{R-scRNAseq,
  title = {scRNAseq: Collection of Public Single-Cell RNA-Seq Datasets},
  author = {Davide Risso and Michael Cole},
  year = {2020},
  note = {R package version 2.1.6},
}
@Manual{R-shiny,
  title = {shiny: Web Application Framework for R},
  author = {Winston Chang and Joe Cheng and JJ Allaire and Yihui Xie and Jonathan McPherson},
  year = {2019},
  note = {R package version 1.4.0},
  url = {https://CRAN.R-project.org/package=shiny},
}
@Manual{R-SingleCellExperiment,
  title = {SingleCellExperiment: S4 Classes for Single Cell Data},
  author = {Aaron Lun and Davide Risso},
  year = {2020},
  note = {R package version 1.9.2},
}
@Manual{R-SummarizedExperiment,
  title = {SummarizedExperiment: SummarizedExperiment container},
  author = {Martin Morgan and Valerie Obenchain and Jim Hester and Hervé Pagès},
  year = {2020},
  note = {R package version 1.17.2},
}
@Article{Biobase2015,
  author = {W. Huber and V. J. Carey and R. Gentleman and S. Anders and M. Carlson and B. S. Carvalho and H. C. Bravo and S. Davis and L. Gatto and T. Girke and R. Gottardo and F. Hahne and K. D. Hansen and R. A. Irizarry and M. Lawrence and M. I. Love and J. MacDonald and V. Obenchain and A. K. {Ole's} and H. {Pag`es} and A. Reyes and P. Shannon and G. K. Smyth and D. Tenenbaum and L. Waldron and M. Morgan},
  title = {{O}rchestrating high-throughput genomic analysis with {B}ioconductor},
  journal = {Nature Methods},
  year = {2015},
  volume = {12},
  number = {2},
  pages = {115--121},
  url = {http://www.nature.com/nmeth/journal/v12/n2/full/nmeth.3252.html},
}
@Article{BiocGenerics2015,
  author = {{Huber} and {W.} and {Carey} and V. J. and {Gentleman} and {R.} and {Anders} and {S.} and {Carlson} and {M.} and {Carvalho} and B. S. and {Bravo} and H. C. and {Davis} and {S.} and {Gatto} and {L.} and {Girke} and {T.} and {Gottardo} and {R.} and {Hahne} and {F.} and {Hansen} and K. D. and {Irizarry} and R. A. and {Lawrence} and {M.} and {Love} and M. I. and {MacDonald} and {J.} and {Obenchain} and {V.} and {{Ole's}} and A. K. and {{Pag`es}} and {H.} and {Reyes} and {A.} and {Shannon} and {P.} and {Smyth} and G. K. and {Tenenbaum} and {D.} and {Waldron} and {L.} and {Morgan} and {M.}},
  title = {{O}rchestrating high-throughput genomic analysis with {B}ioconductor},
  journal = {Nature Methods},
  year = {2015},
  volume = {12},
  number = {2},
  pages = {115--121},
  url = {http://www.nature.com/nmeth/journal/v12/n2/full/nmeth.3252.html},
}
@Book{bookdown2016,
  title = {bookdown: Authoring Books and Technical Documents with {R} Markdown},
  author = {Yihui Xie},
  publisher = {Chapman and Hall/CRC},
  address = {Boca Raton, Florida},
  year = {2016},
  note = {ISBN 978-1138700109},
  url = {https://github.com/rstudio/bookdown},
}
@Article{GenomicRanges2013,
  title = {Software for Computing and Annotating Genomic Ranges},
  author = {Michael Lawrence and Wolfgang Huber and Herv\'e Pag\`es and Patrick Aboyoun and Marc Carlson and Robert Gentleman and Martin Morgan and Vincent Carey},
  year = {2013},
  journal = {{PLoS} Computational Biology},
  volume = {9},
  issue = {8},
  doi = {10.1371/journal.pcbi.1003118},
  url = {http://www.ploscompbiol.org/article/info%3Adoi%2F10.1371%2Fjournal.pcbi.1003118},
}
@Book{ggplot22016,
  author = {Hadley Wickham},
  title = {ggplot2: Elegant Graphics for Data Analysis},
  publisher = {Springer-Verlag New York},
  year = {2016},
  isbn = {978-3-319-24277-4},
  url = {https://ggplot2.tidyverse.org},
}
@Article{IRanges2013,
  title = {Software for Computing and Annotating Genomic Ranges},
  author = {Michael Lawrence and Wolfgang Huber and Herv\'e Pag\`es and Patrick Aboyoun and Marc Carlson and Robert Gentleman and Martin Morgan and Vincent Carey},
  year = {2013},
  journal = {{PLoS} Computational Biology},
  volume = {9},
  issue = {8},
  doi = {10.1371/journal.pcbi.1003118},
  url = {http://www.ploscompbiol.org/article/info%3Adoi%2F10.1371%2Fjournal.pcbi.1003118},
}
@Article{iSEE2018,
  title = {iSEE: Interactive SummarizedExperiment Explorer},
  author = {Kevin Rue-Albrecht and Federico Marini and Charlotte Soneson and Aaron T. L. Lun},
  publisher = {F1000 Research, Ltd.},
  journal = {F1000Research},
  year = {2018},
  month = {Jun},
  volume = {7},
  pages = {741},
  doi = {10.12688/f1000research.14966.1},
}
@Book{knitr2015,
  title = {Dynamic Documents with {R} and knitr},
  author = {Yihui Xie},
  publisher = {Chapman and Hall/CRC},
  address = {Boca Raton, Florida},
  year = {2015},
  edition = {2nd},
  note = {ISBN 978-1498716963},
  url = {https://yihui.org/knitr/},
}
@InCollection{knitr2014,
  booktitle = {Implementing Reproducible Computational Research},
  editor = {Victoria Stodden and Friedrich Leisch and Roger D. Peng},
  title = {knitr: A Comprehensive Tool for Reproducible Research in {R}},
  author = {Yihui Xie},
  publisher = {Chapman and Hall/CRC},
  year = {2014},
  note = {ISBN 978-1466561595},
  url = {http://www.crcpress.com/product/isbn/9781466561595},
}
@Book{rmarkdown2018,
  title = {R Markdown: The Definitive Guide},
  author = {Yihui Xie and J.J. Allaire and Garrett Grolemund},
  publisher = {Chapman and Hall/CRC},
  address = {Boca Raton, Florida},
  year = {2018},
  note = {ISBN 9781138359338},
  url = {https://bookdown.org/yihui/rmarkdown},
}
@Article{scater2017,
  author = {Davis J. McCarthy and Kieran R. Campbell and Aaron T. L. Lun and Quin F. Willis},
  title = {Scater: pre-processing, quality control, normalisation and visualisation of single-cell {R}{N}{A}-seq data in {R}},
  journal = {Bioinformatics},
  year = {2017},
  volume = {33},
  issue = {8},
  pages = {1179-1186},
  doi = {10.1093/bioinformatics/btw777},
}
